@book{Gottlieb89,
    author = "A. Gottlieb and G. Almasi",
    title = "Highly parallel computing",
	publisher = "Benjamin-Cummings Publishing Co.",
    year = "1989"}

@book{Gebali11,
    author = "F. Gebali",
    title = "Algorithms and parallel computing",
	publisher = "Wiley",
    year = "2011"}

@book{Matloff14,
    author = "N. Matloff",
    title = "Programming on parallel machines",
	publisher = "University of California, Davis",
    year = "2014"}

@online{OpenMP13,
  author = {OpenMP ARB Corporation},
  title = {Frequently Asked Questions OPENMP},
  year = 2013,
  url = {http://openmp.org/openmp-faq.html#WhatIs},
  urldate = {2015-03-31}
}
